<mx:record xmlns="http://www.w3.org/TR/xhtml1/strict" xmlns:mx="http://www.loc.gov/MARC21/slim" xmlns:xsi="http://www.w3.org/2001/XMLSchema-instance"><mx:leader>00000cz   2200000n  4500</mx:leader><mx:controlfield tag="001">oca01585522 </mx:controlfield><mx:controlfield tag="005">20040429052204.0</mx:controlfield><mx:controlfield tag="008">860414n| acannaabn          |a aaa      </mx:controlfield><mx:datafield ind1=" " ind2=" " tag="010"><mx:subfield code="a">n  85344961</mx:subfield><mx:subfield code="z">n  88617760</mx:subfield></mx:datafield><mx:datafield ind1=" " ind2=" " tag="040"><mx:subfield code="a">DLC</mx:subfield><mx:subfield code="c">DLC</mx:subfield><mx:subfield code="d">DLC</mx:subfield><mx:subfield code="d">DLC</mx:subfield><mx:subfield code="d">CLU</mx:subfield><mx:subfield code="d">InU</mx:subfield></mx:datafield><mx:datafield ind1="0" ind2=" " tag="100"><mx:subfield code="a">Nicolaus,</mx:subfield><mx:subfield code="c">of Damascus</mx:subfield></mx:datafield><mx:datafield ind1="0" ind2=" " tag="400"><mx:subfield code="a">Nikolaos,</mx:subfield><mx:subfield code="c">of Damascus</mx:subfield></mx:datafield><mx:datafield ind1="1" ind2=" " tag="400"><mx:subfield code="a">Damascus, Nikolaus of</mx:subfield></mx:datafield><mx:datafield ind1="0" ind2=" " tag="400"><mx:subfield code="a">Nicolao,</mx:subfield><mx:subfield code="c">di Damasco</mx:subfield></mx:datafield><mx:datafield ind1="0" ind2=" " tag="400"><mx:subfield code="a">Nicolaus Damascenus</mx:subfield><mx:subfield code="w">nnaa</mx:subfield></mx:datafield><mx:datafield ind1="0" ind2=" " tag="400"><mx:subfield code="a">Nicolaus,</mx:subfield><mx:subfield code="c">Damascenus</mx:subfield></mx:datafield><mx:datafield ind1="1" ind2=" " tag="400"><mx:subfield code="a">Damascenus, Nicolaus</mx:subfield></mx:datafield><mx:datafield ind1="0" ind2=" " tag="400"><mx:subfield code="a">Nikolaus,</mx:subfield><mx:subfield code="c">von Damaskus</mx:subfield></mx:datafield><mx:datafield ind1="0" ind2=" " tag="400"><mx:subfield code="a">Nicolas,</mx:subfield><mx:subfield code="c">de Damas</mx:subfield></mx:datafield><mx:datafield ind1="0" ind2=" " tag="400"><mx:subfield code="a">Nikolaos,</mx:subfield><mx:subfield code="c">ho Damaskēnos</mx:subfield></mx:datafield><mx:datafield ind1=" " ind2=" " tag="670"><mx:subfield code="a">Hebert, B. D. Spätantike Beschreibung von Kunstwerken, 1983:</mx:subfield><mx:subfield code="b">t.p. (Nikolaos)</mx:subfield></mx:datafield><mx:datafield ind1=" " ind2=" " tag="670"><mx:subfield code="a">Oxford class. dict.</mx:subfield><mx:subfield code="b">(Nicolaus of Damascus, b. 64 B.C.)</mx:subfield></mx:datafield><mx:datafield ind1=" " ind2=" " tag="670"><mx:subfield code="a">His Vita di Augusto, c1983:</mx:subfield><mx:subfield code="b">t.p. (Nicolao di Damasco)</mx:subfield></mx:datafield><mx:datafield ind1=" " ind2=" " tag="670"><mx:subfield code="a">nuc88-28510: His On the philosophy of Aristotle, 1969</mx:subfield><mx:subfield code="b">(hdg. on DHU rept.: Nicolaus Damascenus)</mx:subfield></mx:datafield><mx:datafield ind1=" " ind2=" " tag="670"><mx:subfield code="a">LC manual cat.</mx:subfield><mx:subfield code="b">(hdg.: Nicolaus Damascenus)</mx:subfield></mx:datafield><mx:datafield ind1=" " ind2=" " tag="670"><mx:subfield code="a">Die politischen Anfänge Octavians in der Darstellung des Velleius und dessen Verhältnis zur historiographischen Tradition, c2000:</mx:subfield><mx:subfield code="b">t.p. (Nikolaus von Damaskus)</mx:subfield></mx:datafield><mx:datafield ind1=" " ind2=" " tag="670"><mx:subfield code="a">Parmentier-Morin, E. L&amp;#039;oeuvre historique de Nicolas de Damas, 1998</mx:subfield></mx:datafield><mx:datafield ind1=" " ind2=" " tag="670"><mx:subfield code="a">Nikolaou tou Damaskēnou Bios Kaisaros = Nicolas de Damas, Vie de César, 1850.</mx:subfield></mx:datafield><mx:datafield ind1=" " ind2=" " tag="999"><mx:subfield code="a">6116</mx:subfield></mx:datafield></mx:record>